<?xml version="1.0" encoding="UTF-8"?><record xmlns="http://www.loc.gov/MARC21/slim" xmlns:cinclude="http://apache.org/cocoon/include/1.0" xmlns:zs="http://www.loc.gov/zing/srw/">
  <leader>00447nz  a2200133n  4500</leader>
  <controlfield tag="001">n  88090667 </controlfield>
  <controlfield tag="003">DLC</controlfield>
  <controlfield tag="005">19881130061343.6</controlfield>
  <controlfield tag="008">880930n| acannaab|          |a aaa ||| b</controlfield>
  <datafield tag="010" ind1=" " ind2=" ">
    <subfield code="a">n  88090667 </subfield>
  </datafield>
  <datafield tag="040" ind1=" " ind2=" ">
    <subfield code="a">DNLM</subfield>
    <subfield code="c">DLC</subfield>
  </datafield>
  <datafield tag="100" ind1="1" ind2="0">
    <subfield code="a">Edeiken, Jack,</subfield>
    <subfield code="d">1923-</subfield>
    <subfield code="t">Roentgen diagnosis of diseases of bone</subfield>
  </datafield>
  <datafield tag="400" ind1="1" ind2="0">
    <subfield code="a">Edeiken, Jack,</subfield>
    <subfield code="d">1923-</subfield>
    <subfield code="t">Edeiken's roentgen diagnosis of diseases of bone</subfield>
  </datafield>
  <datafield tag="670" ind1=" " ind2=" ">
    <subfield code="a">His Edeiken's roentgen diagnosis of diseases of bone, c1989.</subfield>
  </datafield>
</record>